
@article{allison1983stable,
  title={Stable marriages by coroutines},
  author={Allison, Lloyd},
  journal={Information Processing Letters},
  volume={16},
  number={2},
  pages={61--65},
  year={1983},
  publisher={Elsevier}
}

@article{tseng1984parallel,
  title={A parallel algorithm to solve the stable marriage problem},
  author={Tseng, Shian-Shyong and Lee, Richard C. T.},
  journal={BIT Numerical Mathematics},
  volume={24},
  number={3},
  pages={308--316},
  year={1984},
  publisher={Springer}
}

@book{larsen1997parallel,
  title={A parallel approach to the stable marriage problem},
  author={Larsen, Jesper},
  year={1997},
  publisher={Datalogisk Institut, K{\o}benhavns Universitet}
}

@article{gale1962college,
  title={College admissions and the stability of marriage},
  author={Gale, David and Shapley, Lloyd S},
  journal={The American Mathematical Monthly},
  volume={69},
  number={1},
  pages={9--15},
  year={1962},
  publisher={Taylor \& Francis}
}

@article{conway1963design,
  title={Design of a separable transition-diagram compiler},
  author={Conway, Melvin E},
  journal={Communications of the ACM},
  volume={6},
  number={7},
  pages={396--408},
  year={1963},
  publisher={ACM}
}

@article{mcvitie1971stable,
  title={The stable marriage problem},
  author={McVitie, David G and Wilson, Leslie Blackett},
  journal={Communications of the ACM},
  volume={14},
  number={7},
  pages={486--490},
  year={1971},
  publisher={ACM}
}

@book{Gusfield:1989:SMP:68392,
 author = {Gusfield, Dan and Irving, Robert W.},
 title = {The Stable Marriage Problem: Structure and Algorithms},
 year = {1989},
 isbn = {0-262-07118-5},
 publisher = {MIT Press},
 address = {Cambridge, MA, USA},
} 

@article{Durstenfeld,
 author = {Durstenfeld, R},
 title = {Random permutation (Algorithm 235)},
 year = {1964},
 publisher = {ACM},
} 

@techreport{michael1995simple,
  title={Simple, fast, and practical non-blocking and blocking concurrent queue algorithms.},
  author={Michael, Maged M and Scott, Michael L},
  year={1995},
  institution={Rochester Univ NY Dept Of Ccomputer Science}
}

@article{jkuserializable,
  title={Serializable Coroutines for the HotSpot TM Java Virtual Machine},
  author={JKU, Johannes Kepler},
  publisher={Citeseer}
}
@article{PII,
  title={A Parallel Iterative Improvement Stable
Matching Algorithm},
  author={Enyue Lu and S. Q. Zheng},
  publisher={ResearchGate}
}

@MISC{architectBenchmarking,
   author =       {Ponge, Julien},
   title =        {Avoiding Benchmarking Pitfalls on the JVM},
   editor =       {Oracle.com},
   month =        {July},
   year =         {2014},
   howpublished = {\url{https://www.oracle.com/technetwork/articles/java/architect-benchmarking-2266277.html}},
   note =         {[Online; posted July-2014]},
   lastaccessed = {November 28th, 2018}
 }

@misc{coroutinesoffbynull,
    title="Coroutines",
    author="offbynull",
    howpublished = {\url{https://github.com/offbynull/coroutines/}},
    lastaccessed= "November 28th, 2018"
}